<?xml version="1.0" encoding="UTF-8"?>
<record xmlns="http://www.loc.gov/MARC21/slim" xmlns:xsi="http://www.w3.org/2001/XMLSchema-instance" xsi:schemaLocation="http://www.loc.gov/MARC21/slim http://www.loc.gov/standards/marcxml/schema/MARC21slim.xsd">
<leader>00000cam a22        4500</leader>
<controlfield tag="001">001934476</controlfield>
<controlfield tag="003">NNU</controlfield>
<controlfield tag="005">20150123181200.0</controlfield>
<controlfield tag="008">910604m19579999ir            000 0 ara d</controlfield>
<datafield tag="035" ind1=" " ind2=" ">
<subfield code="a">(OCoLC)81936355</subfield>
</datafield>
<datafield tag="040" ind1=" " ind2=" ">
<subfield code="a">MiU</subfield>
<subfield code="c">ZYU</subfield>
<subfield code="d">OCLCF</subfield>
<subfield code="d">OCLCO</subfield>
</datafield>
<datafield tag="050" ind1=" " ind2="4">
<subfield code="a">PJ6303</subfield>
<subfield code="b">.S3 1957</subfield>
</datafield>
<datafield tag="100" ind1="1" ind2=" ">
<subfield code="a">Shahābī, ʻAlī Akbar</subfield>
<subfield code="6">880-01</subfield>
</datafield>
<datafield tag="245" ind1="1" ind2="0">
<subfield code="6">880-02</subfield>
<subfield code="a">Uṣūl al-ṣarf /</subfield>
<subfield code="c">taʼlīf ʻAlī Akbar Shihābī.</subfield>
</datafield>
<datafield tag="260" ind1=" " ind2=" ">
<subfield code="6">880-03</subfield>
<subfield code="a">Ṭihrān :</subfield>
<subfield code="b">DāNishghāgā,</subfield>
<subfield code="c">1335 [1957]</subfield>
</datafield>
<datafield tag="300" ind1=" " ind2=" ">
<subfield code="a">v. ;</subfield>
<subfield code="c">25 cm.</subfield>
</datafield>
<datafield tag="490" ind1="1" ind2=" ">
<subfield code="a">Publications de l'Université de Tehran,</subfield>
<subfield code="v">no. 351</subfield>
</datafield>
<datafield tag="650" ind1=" " ind2="0">
<subfield code="a">Arabic language</subfield>
<subfield code="x">Grammar.</subfield>
</datafield>
<datafield tag="650" ind1=" " ind2="7">
<subfield code="a">Arabic language</subfield>
<subfield code="x">Grammar.</subfield>
<subfield code="2">fast</subfield>
<subfield code="0">(OCoLC)fst00812341</subfield>
</datafield>
<datafield tag="880" ind1="1" ind2=" ">
<subfield code="6">100-01/</subfield>
<subfield code="a">شهابي، علي اكبر.</subfield>
</datafield>
<datafield tag="880" ind1="1" ind2="0">
<subfield code="6">245-02/</subfield>
<subfield code="a">اصول الصرف /</subfield>
<subfield code="c">تأليف علي اكبر شهابي.</subfield>
</datafield>
<datafield tag="880" ind1=" " ind2=" ">
<subfield code="6">260-03/</subfield>
<subfield code="a">طهران :</subfield>
<subfield code="b">دانشغاگا،</subfield>
<subfield code="c">1335 [1957]</subfield>
</datafield>
<datafield tag="830" ind1=" " ind2="0">
<subfield code="a">Publications de l'Université de Tehran ;</subfield>
<subfield code="v">no. 351.</subfield>
</datafield>
<datafield tag="OWN" ind1=" " ind2=" ">
<subfield code="a">GENERAL</subfield>
</datafield>
<datafield tag="AVA" ind1=" " ind2=" ">
<subfield code="a">NYU50</subfield>
<subfield code="b">BOBST</subfield>
<subfield code="c">Main Collection</subfield>
<subfield code="d">PJ6303 .S3 1957</subfield>
<subfield code="e">unavailable</subfield>
<subfield code="t">Unavailable</subfield>
<subfield code="f">1</subfield>
<subfield code="g">1</subfield>
<subfield code="h">Y</subfield>
<subfield code="i">0</subfield>
<subfield code="j">MAIN</subfield>
<subfield code="k">0</subfield>
</datafield>
</record>
